@article{Articolo_di_riferimento,
    author = {{Bult}, Peter and {Altamirano}, Diego and {Arzoumanian}, Zaven and
              {Chakrabarty}, Deepto and {Chenevez}, J{\'e}r{\^o}me and {Ferrara},
              Elizabeth C. and {Gendreau}, Keith C. and {Guillot}, Sebastien and
              {G{\"u}ver}, Tolga and {Iwakiri}, Wataru and {Jaisawal}, Gaurava K.
              and {Mancuso}, Giulio C. and {Malacaria}, Christian and {Ng}, Mason
              and {Sanna}, Andrea and {Strohmayer}, Tod E. and {Wadiasingh},
              Zorawar and {Wolff}, Michael T.},
    title = "{The Discovery of the 528.6 Hz Accreting Millisecond X-Ray Pulsar
             MAXI J1816-195}",
    journal = {\apjl},
    keywords = {Low-mass x-ray binary stars, Millisecond pulsars, X-ray bursts,
                939, 1062, 1814, Astrophysics - High Energy Astrophysical
                Phenomena},
    year = 2022,
    month = aug,
    volume = {935},
    number = {2},
    eid = {L32},
    pages = {L32},
    doi = {10.3847/2041-8213/ac87f9},
    archivePrefix = {arXiv},
    eprint = {2208.04721},
    primaryClass = {astro-ph.HE},
    adsurl = {https://ui.adsabs.harvard.edu/abs/2022ApJ...935L..32B},
    adsnote = {Provided by the SAO/NASA Astrophysics Data System},
}
@inproceedings{1996ASPC..101...17A,
    author = {{Arnaud}, K.~A.},
    title = "{XSPEC: The First Ten Years}",
    booktitle = {Astronomical Data Analysis Software and Systems V},
    year = 1996,
    editor = {{Jacoby}, George H. and {Barnes}, Jeannette},
    series = {Astronomical Society of the Pacific Conference Series},
    volume = {101},
    month = jan,
    pages = {17},
    adsurl = {https://ui.adsabs.harvard.edu/abs/1996ASPC..101...17A},
    adsnote = {Provided by the SAO/NASA Astrophysics Data System},
}

@article{2022ATel15481....1B,
    author = {{Beauchamp}, Isaiah and {Belvedere}, Stefania and {Hernandez},
              Mitchell and {Himes}, Morgan and {McCaffrey}, Trevor and {Sanderson
              }, Kelly and {Wolfe}, Bailee},
    title = "{VLA Radio Detection of MAXI J1816-195}",
    journal = {The Astronomer's Telegram},
    keywords = {Binary, Transient, Pulsar},
    year = 2022,
    month = jun,
    volume = {15481},
    pages = {1},
    adsurl = {https://ui.adsabs.harvard.edu/abs/2022ATel15481....1B},
    adsnote = {Provided by the SAO/NASA Astrophysics Data System},
}

@article{1998ApJ...501L..89B,
    author = {{Bildsten}, Lars},
    title = "{Gravitational Radiation and Rotation of Accreting Neutron Stars}",
    journal = {\apjl},
    keywords = {ACCRETION, ACCRETION DISKS, DENSE MATTER, GRAVITATION, STARS:
                NEUTRON, STARS: ROTATION, X-RAYS: BURSTS, Accretion, Accretion
                Disks, Dense Matter, Gravitation, Stars: Neutron, Stars: Rotation
                , X-Rays: Bursts, Astrophysics, General Relativity and Quantum
                Cosmology},
    year = 1998,
    month = jul,
    volume = {501},
    number = {1},
    pages = {L89-L93},
    doi = {10.1086/311440},
    archivePrefix = {arXiv},
    eprint = {astro-ph/9804325},
    primaryClass = {astro-ph},
    adsurl = {https://ui.adsabs.harvard.edu/abs/1998ApJ...501L..89B},
    adsnote = {Provided by the SAO/NASA Astrophysics Data System},
}

@article{2022ATel15484....1B,
    author = {{Bright}, Joe and {Russell}, Tom and {Tremou}, Evangelia and {
              Fender}, Rob and {Woudt}, Patrick and {Miller-Jones}, James and {
              Del Santo}, Melania and {Marino}, Alessio},
    title = "{Further radio detections of the AMXP MAXI J1816-195 from MeerKAT
             and ATCA}",
    journal = {The Astronomer's Telegram},
    keywords = {Binary, Neutron Star, Transient, Pulsar},
    year = 2022,
    month = jun,
    volume = {15484},
    pages = {1},
    adsurl = {https://ui.adsabs.harvard.edu/abs/2022ATel15484....1B},
    adsnote = {Provided by the SAO/NASA Astrophysics Data System},
}

@article{1983A&A...128..245B,
    author = {{Buccheri}, R. and {Bennett}, K. and {Bignami}, G.~F. and {Bloemen
              }, J.~B.~G.~M. and {Boriakoff}, V. and {Caraveo}, P.~A. and {
              Hermsen}, W. and {Kanbach}, G. and {Manchester}, R.~N. and {Masnou}
              , J.~L. and {Mayer-Hasselwander}, H.~A. and {{\"O}zel}, M.~E. and {
              Paul}, J.~A. and {Sacco}, B. and {Scarsi}, L. and {Strong}, A.~W.},
    title = "{Search for pulsed {\ensuremath{\gamma}}-ray emission from radio
             pulsars in the COS-B data.}",
    journal = {\aap},
    keywords = {Cos-B Satellite, Gamma Rays, Pulsars, Stellar Radiation, Radio
                Emission, Astrophysics, Gamma Rays:Pulsars, Pulsars:Gamma Rays},
    year = 1983,
    month = dec,
    volume = {128},
    pages = {245-251},
    adsurl = {https://ui.adsabs.harvard.edu/abs/1983A&A...128..245B},
    adsnote = {Provided by the SAO/NASA Astrophysics Data System},
}

@article{2022ATel15425....1B,
    author = {{Bult}, P.~M. and {Ng}, M. and {Iwakiri}, W. and {Altamirano}, D.
              and {Chakrabarty}, D. and {Gendreau}, K.~C. and {Strohmayer}, T.~E.
              and {Arzoumanian}, Z. and {Sanna}, A. and {Guillot}, S. and {Ray},
              P.~S. and {Mihara}, T. and {Enoto}, T. and {Homan}, J. and {Ferrara
              }, E.~C.},
    title = "{NICER detects 528 Hz pulsations and a thermonuclear X-ray burst
             from MAXI J1816-195}",
    journal = {The Astronomer's Telegram},
    keywords = {Request for Observations, Binary, Neutron Star, Transient,
                Pulsar},
    year = 2022,
    month = jun,
    volume = {15425},
    pages = {1},
    adsurl = {https://ui.adsabs.harvard.edu/abs/2022ATel15425....1B},
    adsnote = {Provided by the SAO/NASA Astrophysics Data System},
}

@article{2022ATel15431....1B,
    author = {{Bult}, P.~M. and {Sanna}, A. and {Ng}, M. and {Chakrabarty}, D.
              and {Guillot}, S. and {Gendreau}, K.~C. and {Arzoumanian}, Z. and {
              Strohmayer}, T.~E. and {Chenevez}, J. and {Altamirano}, D. and {
              Jaisawal}, G.~K. and {Ferrara}, E.~C.},
    title = "{NICER measures the binary orbit of MAXI J1816-195}",
    journal = {The Astronomer's Telegram},
    keywords = {Binary, Neutron Star, Transient, Pulsar},
    year = 2022,
    month = jun,
    volume = {15431},
    pages = {1},
    adsurl = {https://ui.adsabs.harvard.edu/abs/2022ATel15431....1B},
    adsnote = {Provided by the SAO/NASA Astrophysics Data System},
}

@article{2020ApJ...898...38B,
    author = {{Bult}, Peter and {Chakrabarty}, Deepto and {Arzoumanian}, Zaven
              and {Gendreau}, Keith C. and {Guillot}, Sebastien and {Malacaria},
              Christian and {Ray}, Paul. S. and {Strohmayer}, Tod E.},
    title = "{Timing the Pulsations of the Accreting Millisecond Pulsar SAX
             J1808.4-3658 during Its 2019 Outburst}",
    journal = {\apj},
    keywords = {Millisecond pulsars, Low-mass X-ray binary stars, 1062, 939,
                Astrophysics - High Energy Astrophysical Phenomena},
    year = 2020,
    month = jul,
    volume = {898},
    number = {1},
    eid = {38},
    pages = {38},
    doi = {10.3847/1538-4357/ab9827},
    archivePrefix = {arXiv},
    eprint = {1910.03062},
    primaryClass = {astro-ph.HE},
    adsurl = {https://ui.adsabs.harvard.edu/abs/2020ApJ...898...38B},
    adsnote = {Provided by the SAO/NASA Astrophysics Data System},
}

@article{2006ApJ...653L.133B,
    author = {{Burderi}, L. and {Di Salvo}, T. and {Menna}, M.~T. and {Riggio},
              A. and {Papitto}, A.},
    title = "{Order in the Chaos: Spin-up and Spin-down during the 2002 Outburst
             of SAX J1808.4-3658}",
    journal = {\apjl},
    keywords = {Stars: Pulsars: General, Stars: Pulsars: Individual:
                Alphanumeric: SAX J1808.4-3658, Stars: Magnetic Fields, Stars:
                Neutron, X-Rays: Binaries, Astrophysics},
    year = 2006,
    month = dec,
    volume = {653},
    number = {2},
    pages = {L133-L136},
    doi = {10.1086/510666},
    archivePrefix = {arXiv},
    eprint = {astro-ph/0612093},
    primaryClass = {astro-ph},
    adsurl = {https://ui.adsabs.harvard.edu/abs/2006ApJ...653L.133B},
    adsnote = {Provided by the SAO/NASA Astrophysics Data System},
}

@article{2007ApJ...657..961B,
    author = {{Burderi}, L. and {Di Salvo}, T. and {Lavagetto}, G. and {Menna},
              M.~T. and {Papitto}, A. and {Riggio}, A. and {Iaria}, R. and {
              D'Antona}, F. and {Robba}, N.~R. and {Stella}, L.},
    title = "{Timing an Accreting Millisecond Pulsar: Measuring the Accretion
             Torque in IGR J00291+5934}",
    journal = {\apj},
    keywords = {Stars: Pulsars: General, Stars: Pulsars: Individual:
                Alphanumeric: IGR J00291+5934, Stars: Magnetic Fields, Stars:
                Neutron, X-Rays: Binaries, Astrophysics},
    year = 2007,
    month = mar,
    volume = {657},
    number = {2},
    pages = {961-966},
    doi = {10.1086/510659},
    archivePrefix = {arXiv},
    eprint = {astro-ph/0611222},
    primaryClass = {astro-ph},
    adsurl = {https://ui.adsabs.harvard.edu/abs/2007ApJ...657..961B},
    adsnote = {Provided by the SAO/NASA Astrophysics Data System},
}

@article{2020MNRAS.499.2148C,
    author = {{Cavecchi}, Y. and {Galloway}, D.~K. and {Goodwin}, A.~J. and {
              Johnston}, Z. and {Heger}, A.},
    title = "{The efficiency of nuclear burning during thermonuclear (Type I)
             bursts as a function of accretion rate}",
    journal = {\mnras},
    keywords = {nuclear reactions, nucleosynthesis, abundances, stars: neutron,
                stars: individual: KS 1731-260, Aql X-1, EXO 0748-676, 4U
                1636-536, 4U 1608-522, X-rays: bursts, Astrophysics - High Energy
                Astrophysical Phenomena},
    year = 2020,
    month = dec,
    volume = {499},
    number = {2},
    pages = {2148-2156},
    doi = {10.1093/mnras/staa2858},
    archivePrefix = {arXiv},
    eprint = {2007.08081},
    primaryClass = {astro-ph.HE},
    adsurl = {https://ui.adsabs.harvard.edu/abs/2020MNRAS.499.2148C},
    adsnote = {Provided by the SAO/NASA Astrophysics Data System},
}

@article{2022ATel15470....1C,
    author = {{Chauhan}, Jaiverdhan and {Lohfink}, Anne and {Bharali}, Priya and
              {Mandal}, Manoj and {Draghis}, Paul and {Pal}, Sabyasachi and {
              Sanna}, Andrea},
    title = "{Detection of X-ray reflection in MAXI J1816-195 with the NuSTAR}",
    journal = {The Astronomer's Telegram},
    keywords = {Binary, Neutron Star, Transient, Pulsar},
    year = 2022,
    month = jun,
    volume = {15470},
    pages = {1},
    adsurl = {https://ui.adsabs.harvard.edu/abs/2022ATel15470....1C},
    adsnote = {Provided by the SAO/NASA Astrophysics Data System},
}

@article{2011MNRAS.410..179C,
    author = {{Chenevez}, J. and {Altamirano}, D. and {Galloway}, D.~K. and {
              in't Zand}, J.~J.~M. and {Kuulkers}, E. and {Degenaar}, N. and {
              Falanga}, M. and {Del Monte}, E. and {Evangelista}, Y. and {Feroci}
              , M. and {Costa}, E.},
    title = "{Puzzling thermonuclear burst behaviour from the transient low-mass
             X-ray binary IGR J17473-2721}",
    journal = {\mnras},
    keywords = {binaries: close, stars: individual: IGR J17473-2721, stars:
                individual: XTE J1747-274, stars: neutron, X-rays: binaries,
                X-rays: bursts, Astrophysics - High Energy Astrophysical
                Phenomena},
    year = 2011,
    month = jan,
    volume = {410},
    number = {1},
    pages = {179-189},
    doi = {10.1111/j.1365-2966.2010.17433.x},
    archivePrefix = {arXiv},
    eprint = {1007.5201},
    primaryClass = {astro-ph.HE},
    adsurl = {https://ui.adsabs.harvard.edu/abs/2011MNRAS.410..179C},
    adsnote = {Provided by the SAO/NASA Astrophysics Data System},
}

@article{2022ATel15479....1D,
    author = {{de Martino}, D. and {D'Avanzo}, P. and {Ambrosino}, F. and {
              Miraval Zanon}, A. and {Papitto}, A. and {Campana}, S. and {Baglio}
              , M.~C. and {Sanna}, A.},
    title = "{New optical and IR counterpart of MAXIJ1816-195}",
    journal = {The Astronomer's Telegram},
    keywords = {Binary, Neutron Star, Transient, Pulsar},
    year = 2022,
    month = jun,
    volume = {15479},
    pages = {1},
    adsurl = {https://ui.adsabs.harvard.edu/abs/2022ATel15479....1D},
    adsnote = {Provided by the SAO/NASA Astrophysics Data System},
}

@article{1983ApJ...268..368E,
    author = {{Eggleton}, P.~P.},
    title = "{Aproximations to the radii of Roche lobes.}",
    journal = {\apj},
    keywords = {Binary Stars, Celestial Mechanics, Orbital Elements, Roche Limit
                , Mass Ratios, Radii, Astrophysics},
    year = 1983,
    month = may,
    volume = {268},
    pages = {368-369},
    doi = {10.1086/160960},
    adsurl = {https://ui.adsabs.harvard.edu/abs/1983ApJ...268..368E},
    adsnote = {Provided by the SAO/NASA Astrophysics Data System},
}

@article{1988ApJ...324..995F,
    author = {{Fujimoto}, Masayuki Y.},
    title = "{Angular Distribution of Radiation from Low-Mass X-Ray Binaries}",
    journal = {\apj},
    keywords = {Solar Radio Bursts, Star Distribution, Stellar Models, Stellar
                Radiation, X Ray Binaries, Angular Distribution, Neutron Stars,
                Stellar Mass Accretion, Stellar Spectra, Astrophysics, STARS:
                ACCRETION, STARS: NEUTRON, X-RAYS: BINARIES, X-RAYS: BURSTS},
    year = 1988,
    month = jan,
    volume = {324},
    pages = {995},
    doi = {10.1086/165955},
    adsurl = {https://ui.adsabs.harvard.edu/abs/1988ApJ...324..995F},
    adsnote = {Provided by the SAO/NASA Astrophysics Data System},
}

@article{2004ApJ...601..466G,
    author = {{Galloway}, Duncan K. and {Cumming}, Andrew and {Kuulkers}, Erik
              and {Bildsten}, Lars and {Chakrabarty}, Deepto and {Rothschild},
              Richard E.},
    title = "{Periodic Thermonuclear X-Ray Bursts from GS 1826-24 and the Fuel
             Composition as a Function of Accretion Rate}",
    journal = {\apj},
    keywords = {Accretion, Accretion Disks, Stars: Individual: Alphanumeric:
                Ginga 1826-238, Stars: Individual: Alphanumeric: GS 1826-24,
                Stars: Neutron, X-Rays: Bursts, Astrophysics},
    year = 2004,
    month = jan,
    volume = {601},
    number = {1},
    pages = {466-473},
    doi = {10.1086/380445},
    archivePrefix = {arXiv},
    eprint = {astro-ph/0308122},
    primaryClass = {astro-ph},
    adsurl = {https://ui.adsabs.harvard.edu/abs/2004ApJ...601..466G},
    adsnote = {Provided by the SAO/NASA Astrophysics Data System},
}

@article{2020ApJS..249...32G,
    author = {{Galloway}, Duncan K. and {in't Zand}, Jean and {Chenevez}, J{\'e}
              r{\^o}me and {W{\"o}rpel}, Hauke and {Keek}, Laurens and {Ootes},
              Laura and {Watts}, Anna L. and {Gisler}, Luis and {
              Sanchez-Fernandez}, Celia and {Kuulkers}, Erik},
    title = "{The Multi-INstrument Burst ARchive (MINBAR)}",
    journal = {\apjs},
    keywords = {X-ray bursts, X-ray bursters, X-ray transient sources, Catalogs,
                Astrophysical explosive burning, Neutron stars, Nuclear
                astrophysics, 1814, 1813, 1852, 205, 100, 1108, 1129,
                Astrophysics - High Energy Astrophysical Phenomena},
    year = 2020,
    month = aug,
    volume = {249},
    number = {2},
    eid = {32},
    pages = {32},
    doi = {10.3847/1538-4365/ab9f2e},
    archivePrefix = {arXiv},
    eprint = {2003.00685},
    primaryClass = {astro-ph.HE},
    adsurl = {https://ui.adsabs.harvard.edu/abs/2020ApJS..249...32G},
    adsnote = {Provided by the SAO/NASA Astrophysics Data System},
}

@article{2019ApJ...870...64G,
    author = {{Goodwin}, A.~J. and {Heger}, A. and {Galloway}, D.~K.},
    title = "{Neutrino Losses in Type I Thermonuclear X-Ray Bursts: An Improved
             Nuclear Energy Generation Approximation}",
    journal = {\apj},
    keywords = {methods: numerical, stars: neutron, X-rays: bursts, Astrophysics
                - High Energy Astrophysical Phenomena},
    year = 2019,
    month = jan,
    volume = {870},
    number = {2},
    eid = {64},
    pages = {64},
    doi = {10.3847/1538-4357/aaeed2},
    archivePrefix = {arXiv},
    eprint = {1808.02225},
    primaryClass = {astro-ph.HE},
    adsurl = {https://ui.adsabs.harvard.edu/abs/2019ApJ...870...64G},
    adsnote = {Provided by the SAO/NASA Astrophysics Data System},
}

@article{2020AdSpR..66.1004H,
    author = {{Hameury}, J.~M.},
    title = "{A review of the disc instability model for dwarf novae, soft X-ray
             transients and related objects}",
    journal = {Advances in Space Research},
    keywords = {Cataclysmic variable, Accretion discs, X-ray binaries,
                Astrophysics - Solar and Stellar Astrophysics, Astrophysics -
                High Energy Astrophysical Phenomena},
    year = 2020,
    month = sep,
    volume = {66},
    number = {5},
    pages = {1004-1024},
    doi = {10.1016/j.asr.2019.10.022},
    archivePrefix = {arXiv},
    eprint = {1910.01852},
    primaryClass = {astro-ph.SR},
    adsurl = {https://ui.adsabs.harvard.edu/abs/2020AdSpR..66.1004H},
    adsnote = {Provided by the SAO/NASA Astrophysics Data System},
}

@article{2008ApJ...675.1468H,
    author = {{Hartman}, Jacob M. and {Patruno}, Alessandro and {Chakrabarty},
              Deepto and {Kaplan}, David L. and {Markwardt}, Craig B. and {Morgan
              }, Edward H. and {Ray}, Paul S. and {van der Klis}, Michiel and {
              Wijnands}, Rudy},
    title = "{The Long-Term Evolution of the Spin, Pulse Shape, and Orbit of the
             Accretion-powered Millisecond Pulsar SAX J1808.4-3658}",
    journal = {\apj},
    keywords = {stars: individual: SAX J1808.4-3658, stars: neutron, X-rays:
                stars, Astrophysics},
    year = 2008,
    month = mar,
    volume = {675},
    number = {2},
    pages = {1468-1486},
    doi = {10.1086/527461},
    archivePrefix = {arXiv},
    eprint = {0708.0211},
    primaryClass = {astro-ph},
    adsurl = {https://ui.adsabs.harvard.edu/abs/2008ApJ...675.1468H},
    adsnote = {Provided by the SAO/NASA Astrophysics Data System},
}

@article{2006MNRAS.369..655H,
    author = {{Hobbs}, G.~B. and {Edwards}, R.~T. and {Manchester}, R.~N.},
    title = "{TEMPO2, a new pulsar-timing package - I. An overview}",
    journal = {\mnras},
    keywords = {methods: data analysis: ephemerides: pulsars: general, methods:
                data analysis, ephemerides, pulsars: general, Astrophysics},
    year = 2006,
    month = jun,
    volume = {369},
    number = {2},
    pages = {655-672},
    doi = {10.1111/j.1365-2966.2006.10302.x},
    archivePrefix = {arXiv},
    eprint = {astro-ph/0603381},
    primaryClass = {astro-ph},
    adsurl = {https://ui.adsabs.harvard.edu/abs/2006MNRAS.369..655H},
    adsnote = {Provided by the SAO/NASA Astrophysics Data System},
}

@article{2009MNRAS.400..492I,
    author = {{Ibragimov}, Askar and {Poutanen}, Juri},
    title = "{Accreting millisecond pulsar SAX J1808.4-3658 during its 2002
             outburst: evidence for a receding disc}",
    journal = {\mnras},
    keywords = {accretion, accretion discs, methods: data analysis, stars:
                neutron, pulsars: individual: SAX J1808.4-3658, X-rays: binaries,
                Astrophysics - Solar and Stellar Astrophysics, Astrophysics -
                High Energy Astrophysical Phenomena},
    year = 2009,
    month = nov,
    volume = {400},
    number = {1},
    pages = {492-508},
    doi = {10.1111/j.1365-2966.2009.15477.x},
    archivePrefix = {arXiv},
    eprint = {0901.0073},
    primaryClass = {astro-ph.SR},
    adsurl = {https://ui.adsabs.harvard.edu/abs/2009MNRAS.400..492I},
    adsnote = {Provided by the SAO/NASA Astrophysics Data System},
}

@article{2018MNRAS.477.2112J,
    author = {{Johnston}, Zac and {Heger}, Alexander and {Galloway}, Duncan K.},
    title = "{Simulating X-ray bursts during a transient accretion event}",
    journal = {\mnras},
    keywords = {methods: numerical, stars: neutron, pulsars: individual: (SAX
                J1808.4-3658), X-rays: bursts, Astrophysics - High Energy
                Astrophysical Phenomena},
    year = 2018,
    month = jun,
    volume = {477},
    number = {2},
    pages = {2112-2118},
    doi = {10.1093/mnras/sty757},
    archivePrefix = {arXiv},
    eprint = {1711.03970},
    primaryClass = {astro-ph.HE},
    adsurl = {https://ui.adsabs.harvard.edu/abs/2018MNRAS.477.2112J},
    adsnote = {Provided by the SAO/NASA Astrophysics Data System},
}

@article{2022ATel15421....1K,
    author = {{Kennea}, J.~A. and {Evans}, P.~A. and {Negoro}, H.},
    title = "{MAXI J1816-195: Swift Localization of this new transient}",
    journal = {The Astronomer's Telegram},
    keywords = {Transient},
    year = 2022,
    month = jun,
    volume = {15421},
    pages = {1},
    adsurl = {https://ui.adsabs.harvard.edu/abs/2022ATel15421....1K},
    adsnote = {Provided by the SAO/NASA Astrophysics Data System},
}

@article{2022ATel15467....1K,
    author = {{Kennea}, J.~A. and {Evans}, P.~A. and {Negoro}, H.},
    title = "{MAXI J1816-195: Corrected Swift/XRT localization and IR
             counterpart}",
    journal = {The Astronomer's Telegram},
    keywords = {Neutron Star, Transient, Pulsar},
    year = 2022,
    month = jun,
    volume = {15467},
    pages = {1},
    adsurl = {https://ui.adsabs.harvard.edu/abs/2022ATel15467....1K},
    adsnote = {Provided by the SAO/NASA Astrophysics Data System},
}

@article{2013MNRAS.433.3048K,
    author = {{Kulkarni}, A.~K. and {Romanova}, M.~M.},
    title = "{Analytical hotspot shapes and magnetospheric radius from 3D
             simulations of magnetospheric accretion}",
    journal = {\mnras},
    keywords = {accretion, accretion discs, MHD, stars: neutron, Astrophysics -
                Solar and Stellar Astrophysics},
    year = 2013,
    month = aug,
    volume = {433},
    number = {4},
    pages = {3048-3061},
    doi = {10.1093/mnras/stt945},
    archivePrefix = {arXiv},
    eprint = {1303.4681},
    primaryClass = {astro-ph.SR},
    adsurl = {https://ui.adsabs.harvard.edu/abs/2013MNRAS.433.3048K},
    adsnote = {Provided by the SAO/NASA Astrophysics Data System},
}

@article{2003A&A...399..663K,
    author = {{Kuulkers}, E. and {den Hartog}, P.~R. and {in't Zand}, J.~J.~M.
              and {Verbunt}, F.~W.~M. and {Harris}, W.~E. and {Cocchi}, M.},
    title = "{Photospheric radius expansion X-ray bursts as standard candles}",
    journal = {\aap},
    keywords = {binaries: close, stars: neutron, globular clusters: general,
                X-rays: binaries, X-rays: bursts, Astrophysics},
    year = 2003,
    month = feb,
    volume = {399},
    pages = {663-680},
    doi = {10.1051/0004-6361:20021781},
    archivePrefix = {arXiv},
    eprint = {astro-ph/0212028},
    primaryClass = {astro-ph},
    adsurl = {https://ui.adsabs.harvard.edu/abs/2003A&A...399..663K},
    adsnote = {Provided by the SAO/NASA Astrophysics Data System},
}

@article{2001NewAR..45..449L,
    author = {{Lasota}, Jean-Pierre},
    title = "{The disc instability model of dwarf novae and low-mass X-ray
             binary transients}",
    journal = {\nar},
    keywords = {Astrophysics},
    year = 2001,
    month = jun,
    volume = {45},
    number = {7},
    pages = {449-508},
    doi = {10.1016/S1387-6473(01)00112-9},
    archivePrefix = {arXiv},
    eprint = {astro-ph/0102072},
    primaryClass = {astro-ph},
    adsurl = {https://ui.adsabs.harvard.edu/abs/2001NewAR..45..449L},
    adsnote = {Provided by the SAO/NASA Astrophysics Data System},
}

@article{1993SSRv...62..223L,
    author = {{Lewin}, Walter H.~G. and {van Paradijs}, Jan and {Taam}, Ronald
              E.},
    title = "{X-Ray Bursts}",
    journal = {\ssr},
    year = 1993,
    month = sep,
    volume = {62},
    number = {3-4},
    pages = {223-389},
    doi = {10.1007/BF00196124},
    adsurl = {https://ui.adsabs.harvard.edu/abs/1993SSRv...62..223L},
    adsnote = {Provided by the SAO/NASA Astrophysics Data System},
}

@article{2022ATel15418....1N,
    author = {{Negoro}, H. and {Serino}, M. and {Iwakiri}, W. and {Nakajima}, M.
              and {Kobayashi}, K. and {Tanaka}, M. and {Soejima}, Y. and {Mihara}
              , T. and {Kawamuro}, T. and {Yamada}, S. and {Tamagawa}, T. and {
              Matsuoka}, M. and {Sakamoto}, T. and {Sugita}, S. and {Hiramatsu},
              H. and {Yoshida}, A. and {Tsuboi}, Y. and {Kohara}, J. and {
              Shidatsu}, M. and {Iwasaki}, M. and {Kawai}, N. and {Niwano}, M.
              and {Hosokawa}, R. and {Imai}, Y. and {Ito}, N. and {Takamatsu}, Y.
              and {Nakahira}, S. and {Ueno}, S. and {Tomida}, H. and {Ishikawa},
              M. and {Tominaga}, M. and {Nagatsuka}, T. and {Kurihara}, T. and {
              Ueda}, Y. and {Ogawa}, S. and {Setoguchi}, K. and {Yoshitake}, T.
              and {Inaba}, K. and {Tsunemi}, H. and {Yamauchi}, M. and {Sato}, T.
              and {Hatsuda}, R. and {Fukuoka}, R. and {hagiwara}, Y. and {Umeki},
              Y. and {Yamaoka}, K. and {Kawakubo}, Y. and {Sugizaki}, M.},
    title = "{MAXI/GSC discovered a new X-ray transient MAXI J1816-195}",
    journal = {The Astronomer's Telegram},
    keywords = {Black Hole, Neutron Star, Transient},
    year = 2022,
    month = jun,
    volume = {15418},
    pages = {1},
    adsurl = {https://ui.adsabs.harvard.edu/abs/2022ATel15418....1N},
    adsnote = {Provided by the SAO/NASA Astrophysics Data System},
}

@article{2009ApJ...698L..60P,
    author = {{Patruno}, Alessandro and {Wijnands}, Rudy and {van der Klis},
              Michiel},
    title = "{An Alternative Interpretation of the Timing Noise in Accreting
             Millisecond Pulsars}",
    journal = {\apjl},
    keywords = {stars: neutron, X-rays: stars, Astrophysics - High Energy
                Astrophysical Phenomena},
    year = 2009,
    month = jun,
    volume = {698},
    number = {1},
    pages = {L60-L63},
    doi = {10.1088/0004-637X/698/1/L60},
    archivePrefix = {arXiv},
    eprint = {0902.4118},
    primaryClass = {astro-ph.HE},
    adsurl = {https://ui.adsabs.harvard.edu/abs/2009ApJ...698L..60P},
    adsnote = {Provided by the SAO/NASA Astrophysics Data System},
}

@article{2003MNRAS.343.1301P,
    author = {{Poutanen}, Juri and {Gierli{\'n}ski}, Marek},
    title = "{On the nature of the X-ray emission from the accreting millisecond
             pulsar SAX J1808.4-3658}",
    journal = {\mnras},
    keywords = {accretion, accretion discs, methods: data analysis, pulsars:
                individual: SAX J1808.4-3658, X-rays: binaries, Astrophysics},
    year = 2003,
    month = aug,
    volume = {343},
    number = {4},
    pages = {1301-1311},
    doi = {10.1046/j.1365-8711.2003.06773.x},
    archivePrefix = {arXiv},
    eprint = {astro-ph/0303084},
    primaryClass = {astro-ph},
    adsurl = {https://ui.adsabs.harvard.edu/abs/2003MNRAS.343.1301P},
    adsnote = {Provided by the SAO/NASA Astrophysics Data System},
}

@article{1999ApJ...521..332P,
    author = {{Psaltis}, Dimitrios and {Chakrabarty}, Deepto},
    title = "{The Disk-Magnetosphere Interaction in the Accretion-powered
             Millisecond Pulsar SAX J1808.4-3658}",
    journal = {\apj},
    keywords = {ACCRETION, ACCRETION DISKS, PULSARS: INDIVIDUAL (SAX
                J1808.4-3658), STARS: NEUTRON, X-RAYS: STARS, Accretion,
                Accretion Disks, pulsars: individual (SAX J1808.4-3658), Stars:
                Neutron, X-Rays: Stars, Astrophysics},
    year = 1999,
    month = aug,
    volume = {521},
    number = {1},
    pages = {332-340},
    doi = {10.1086/307525},
    archivePrefix = {arXiv},
    eprint = {astro-ph/9809335},
    primaryClass = {astro-ph},
    adsurl = {https://ui.adsabs.harvard.edu/abs/1999ApJ...521..332P},
    adsnote = {Provided by the SAO/NASA Astrophysics Data System},
}

@article{2022AJ....163..130R,
    author = {{Remillard}, Ronald A. and {Loewenstein}, Michael and {Steiner},
              James F. and {Prigozhin}, Gregory Y. and {LaMarr}, Beverly and {
              Enoto}, Teruaki and {Gendreau}, Keith C. and {Arzoumanian}, Zaven
              and {Markwardt}, Craig and {Basak}, Arkadip and {Stevens}, Abigail
              L. and {Ray}, Paul S. and {Altamirano}, Diego and {Buisson},
              Douglas J.~K.},
    title = "{An Empirical Background Model for the NICER X-Ray Timing
             Instrument}",
    journal = {\aj},
    keywords = {1810, 799, 1145, Astrophysics - Instrumentation and Methods for
                Astrophysics, Astrophysics - High Energy Astrophysical Phenomena},
    year = 2022,
    month = mar,
    volume = {163},
    number = {3},
    eid = {130},
    pages = {130},
    doi = {10.3847/1538-3881/ac4ae6},
    archivePrefix = {arXiv},
    eprint = {2105.09901},
    primaryClass = {astro-ph.IM},
    adsurl = {https://ui.adsabs.harvard.edu/abs/2022AJ....163..130R},
    adsnote = {Provided by the SAO/NASA Astrophysics Data System},
}

@article{2020MNRAS.495.1641S,
    author = {{Sanna}, A. and {Burderi}, L. and {Gendreau}, K.~C. and {Di Salvo}
              , T. and {Ray}, P.~S. and {Riggio}, A. and {Gambino}, A.~F. and {
              Iaria}, R. and {Piga}, L. and {Malacaria}, C. and {Jaisawal}, G.~K.
              },
    title = "{Timing of the accreting millisecond pulsar IGR J17591-2342:
             evidence of spin-down during accretion}",
    journal = {\mnras},
    keywords = {accretion, accretion disc, stars: neutron, X-rays: binaries,
                Astrophysics - High Energy Astrophysical Phenomena},
    year = 2020,
    month = jun,
    volume = {495},
    number = {2},
    pages = {1641-1649},
    doi = {10.1093/mnras/staa1253},
    archivePrefix = {arXiv},
    eprint = {2003.05069},
    primaryClass = {astro-ph.HE},
    adsurl = {https://ui.adsabs.harvard.edu/abs/2020MNRAS.495.1641S},
    adsnote = {Provided by the SAO/NASA Astrophysics Data System},
}

@article{1996MNRAS.281..257T,
    author = {{Tout}, Christopher A. and {Pols}, Onno R. and {Eggleton}, Peter
              P. and {Han}, Zhanwen},
    title = "{Zero-age main-seqence radii and luminosities as analytic functions
             of mass and metallicity}",
    journal = {\mnras},
    keywords = {STARS: FUNDAMENTAL PARAMETERS, HERTZSPRUNG-RUSSELL (HR) DIAGRAM},
    year = 1996,
    month = jul,
    volume = {281},
    number = {1},
    pages = {257-262},
    doi = {10.1093/mnras/281.1.257},
    adsurl = {https://ui.adsabs.harvard.edu/abs/1996MNRAS.281..257T},
    adsnote = {Provided by the SAO/NASA Astrophysics Data System},
}

@article{1998ApJ...507L..63W,
    author = {{Wijnands}, Rudy and {van der Klis}, Michiel},
    title = "{The Broadband Power Spectrum of SAX J1808.4-3658}",
    journal = {\apjl},
    keywords = {ACCRETION, ACCRETION DISKS, STARS: INDIVIDUAL: ALPHANUMERIC: SAX
                J1808.4-3658, STARS: NEUTRON, X-RAYS: STARS, Accretion, Accretion
                Disks, Stars: Individual: Alphanumeric: SAX J1808.4-3658, Stars:
                Neutron, X-Rays: Stars, Astrophysics},
    year = 1998,
    month = nov,
    volume = {507},
    number = {1},
    pages = {L63-L66},
    doi = {10.1086/311676},
    archivePrefix = {arXiv},
    eprint = {astro-ph/9808303},
    primaryClass = {astro-ph},
    adsurl = {https://ui.adsabs.harvard.edu/abs/1998ApJ...507L..63W},
    adsnote = {Provided by the SAO/NASA Astrophysics Data System},
}

@article{2004ApJS..151...75W,
    author = {{Woosley}, S.~E. and {Heger}, A. and {Cumming}, A. and {Hoffman},
              R.~D. and {Pruet}, J. and {Rauscher}, T. and {Fisker}, J.~L. and {
              Schatz}, H. and {Brown}, B.~A. and {Wiescher}, M.},
    title = "{Models for Type I X-Ray Bursts with Improved Nuclear Physics}",
    journal = {\apjs},
    keywords = {Nuclear Reactions, Nucleosynthesis, Abundances, Stars: Neutron,
                X-Rays: Bursts, Astrophysics},
    year = 2004,
    month = mar,
    volume = {151},
    number = {1},
    pages = {75-102},
    doi = {10.1086/381533},
    archivePrefix = {arXiv},
    eprint = {astro-ph/0307425},
    primaryClass = {astro-ph},
    adsurl = {https://ui.adsabs.harvard.edu/abs/2004ApJS..151...75W},
    adsnote = {Provided by the SAO/NASA Astrophysics Data System},
}

@article{2013ApJ...772...94W,
    author = {{Worpel}, Hauke and {Galloway}, Duncan K. and {Price}, Daniel J.},
    title = "{Evidence for Accretion Rate Change during Type I X-Ray Bursts}",
    journal = {\apj},
    keywords = {accretion, accretion disks, stars: neutron, X-rays: bursts,
                Astrophysics - High Energy Astrophysical Phenomena},
    year = 2013,
    month = aug,
    volume = {772},
    number = {2},
    eid = {94},
    pages = {94},
    doi = {10.1088/0004-637X/772/2/94},
    archivePrefix = {arXiv},
    eprint = {1303.4824},
    primaryClass = {astro-ph.HE},
    adsurl = {https://ui.adsabs.harvard.edu/abs/2013ApJ...772...94W},
    adsnote = {Provided by the SAO/NASA Astrophysics Data System},
}

@article{1996MNRAS.283..193Z,
    author = {{Zdziarski}, A.~A. and {Johnson}, W.~N. and {Magdziarz}, P.},
    title = "{Broad-band {\ensuremath{\gamma}}-ray and X-ray spectra of NGC 4151
             and their implications for physical processes and geometry.}",
    journal = {\mnras},
    keywords = {Seyfert Galaxies: X-Ray Spectra, Seyfert Galaxies: Gamma-Ray
                Spectra, Seyfert Galaxies: Radiation Mechanisms, galaxies:
                individual: NGC4151 -- galaxies: Seyfert -- gamma-rays:
                observations -- gamma-rays: theory X-rays: galaxies, Astrophysics
                },
    year = 1996,
    month = nov,
    volume = {283},
    number = {1},
    pages = {193-206},
    doi = {10.1093/mnras/283.1.193},
    archivePrefix = {arXiv},
    eprint = {astro-ph/9607015},
    primaryClass = {astro-ph},
    adsurl = {https://ui.adsabs.harvard.edu/abs/1996MNRAS.283..193Z},
    adsnote = {Provided by the SAO/NASA Astrophysics Data System},
}

@article{1999MNRAS.309..561Z,
    author = {{{\.Z}ycki}, Piotr T. and {Done}, Chris and {Smith}, David A.},
    title = "{The 1989 May outburst of the soft X-ray transient GS 2023+338
             (V404 Cyg)}",
    journal = {\mnras},
    keywords = {Astrophysics},
    year = 1999,
    month = nov,
    volume = {309},
    number = {3},
    pages = {561-575},
    doi = {10.1046/j.1365-8711.1999.02885.x},
    archivePrefix = {arXiv},
    eprint = {astro-ph/9904304},
    primaryClass = {astro-ph},
    adsurl = {https://ui.adsabs.harvard.edu/abs/1999MNRAS.309..561Z},
    adsnote = {Provided by the SAO/NASA Astrophysics Data System},
}

@article{DiSalvo_Sanna_2020,
    author = {{Di Salvo}, Tiziana and {Sanna}, Andrea},
    title = "{Accretion powered X-ray millisecond pulsars}",
    journal = {arXiv e-prints},
    keywords = {Astrophysics - High Energy Astrophysical Phenomena},
    year = 2020,
    month = oct,
    eid = {arXiv:2010.09005},
    pages = {arXiv:2010.09005},
    doi = {10.48550/arXiv.2010.09005},
    archivePrefix = {arXiv},
    eprint = {2010.09005},
    primaryClass = {astro-ph.HE},
    adsurl = {https://ui.adsabs.harvard.edu/abs/2020arXiv201009005D},
    adsnote = {Provided by the SAO/NASA Astrophysics Data System},
}

@misc{Wiki_accretion,
    author = {{Wikipedia}},
    title = "{Accretion (astrophysics)}",
    asurl = {https://en.wikipedia.org/wiki/Accretion_(astrophysics)},
    year = {2023},
    note = {},
}

@misc{Wiki_NICER,
    author = {{Wikipedia}},
    title = "{Neutron Star Interior Composition Explorer}",
    asurl = {
             https://en.wikipedia.org/wiki/Neutron_Star_Interior_Composition_Explorer
             },
    year = {2023},
    note = {},
}

@misc{NICER_Documentation,
    author = {{National Aeronautics and Space Administration}},
    title = "{Neutron Star Interior Composition Explorer}",
    asurl = {https://heasarc.gsfc.nasa.gov/docs/nicer/nicer_docs.html},
    year = {2023},
    note = {},
}

@misc{Tesi_Sara_Mascia,
    author = {{Mascia}, Sara},
    title = "{Analisi temporale del pulsatore X al millisecondo XTE J0929-314}",
    asurl = {},
    year = {2018/19},
    note = {},
}

@misc{Tesi_Simone_Sartori,
    author = {{Sartori}, Simone},
    title = "{Fisica dell'accrescimento}",
    asurl = {},
    year = {2018/19},
    note = {},
}

@article{Articolo_Rappaport,
    author = {{Rappaport}, S.~A. and {Fregeau}, J.~M. and {Spruit}, H.},
    title = "{Accretion onto Fast X-Ray Pulsars}",
    journal = {\apj},
    keywords = {Accretion, Accretion Disks, Stars: Binaries: Close, Stars:
                Pulsars: General, Stars: Magnetic Fields, Stars: Neutron, X-Rays:
                Binaries, Astrophysics},
    year = 2004,
    month = may,
    volume = {606},
    number = {1},
    pages = {436-443},
    doi = {10.1086/382863},
    archivePrefix = {arXiv},
    eprint = {astro-ph/0310224},
    primaryClass = {astro-ph},
    adsurl = {https://ui.adsabs.harvard.edu/abs/2004ApJ...606..436R},
    adsnote = {Provided by the SAO/NASA Astrophysics Data System},
}

@misc{Tesi_Giusti_Francesca,
    author = {{Giusti}, Francesca},
    title = "{Fisica dell'accrescimento}",
    asurl = {},
    year = {2015/16},
    note = {},
}

@article{Leahy_1983ApJ,
    author = {{Leahy}, D.~A. and {Darbro}, W. and {Elsner}, R.~F. and {Weisskopf
              }, M.~C. and {Sutherland}, P.~G. and {Kahn}, S. and {Grindlay}, J.~
              E.},
    title = "{On searches for pulsed emission with application to four globular
             cluster X-ray sources : NGC 1851, 6441, 6624 and 6712.}",
    journal = {\apj},
    keywords = {Globular Clusters, Pulsars, Stellar Radiation, X Ray Sources,
                Binary Stars, Computerized Simulation, Confidence Limits, Fast
                Fourier Transformations, Heao 2, Monte Carlo Method, Proportional
                Counters, Astrophysics},
    year = 1983,
    month = mar,
    volume = {266},
    pages = {160-170},
    doi = {10.1086/160766},
    adsurl = {https://ui.adsabs.harvard.edu/abs/1983ApJ...266..160L},
    adsnote = {Provided by the SAO/NASA Astrophysics Data System},
}

@misc{Van_der_Klis,
    author = {{Van der Klis}, Michiel},
    title = "{Fourier techniques for X-ray timing}",
    asurl = {},
    pages = {27-70},
    year = {1988},
    note = {Second, slightly updated version, May 1994 Proceedings title:
            Proceedings of the NATO Advanced Study Institute Timing Neutron Stars
            , Çeşme, Turkey, 4 - 15 April 1988, NATO ASI Series C, Vol. 262
            Publisher: Kluwer Academic Publishers Place of publication: Dordrecht
            ISBN: 0377-2071 Editors: H. Ögelman, E.P.J. van den Heuvel},
}

@article{ZUO201684,
    title = {Temporal phase unwrapping algorithms for fringe projection
             profilometry: A comparative review},
    journal = {Optics and Lasers in Engineering},
    volume = {85},
    pages = {84-103},
    year = {2016},
    issn = {0143-8166},
    doi = {https://doi.org/10.1016/j.optlaseng.2016.04.022},
    url = {https://www.sciencedirect.com/science/article/pii/S0143816616300653},
    author = {Chao Zuo and Lei Huang and Minliang Zhang and Qian Chen and Anand
              Asundi},
    keywords = {Phase measurement, Fringe projection profilometry, Temporal
                phase unwrapping},
    abstract = {In fringe projection profilometry (FPP), temporal phase
                unwrapping is an essential procedure to recover an unambiguous
                absolute phase even in the presence of large discontinuities or
                spatially isolated surfaces. So far, there are typically three
                groups of temporal phase unwrapping algorithms proposed in the
                literature: multi-frequency (hierarchical) approach,
                multi-wavelength (heterodyne) approach, and number-theoretical
                approach. In this paper, the three methods are investigated and
                compared in detail by analytical, numerical, and experimental
                means. The basic principles and recent developments of the three
                kind of algorithms are firstly reviewed. Then, the reliability of
                different phase unwrapping algorithms is compared based on a
                rigorous stochastic noise model. Furthermore, this noise model is
                used to predict the optimum fringe period for each unwrapping
                approach, which is a key factor governing the phase measurement
                accuracy in FPP. Simulations and experimental results verified
                the correctness and validity of the proposed noise model as well
                as the prediction scheme. The results show that the
                multi-frequency temporal phase unwrapping provides the best
                unwrapping reliability, while the multi-wavelength approach is
                the most susceptible to noise-induced unwrapping errors.},
}
